<record><leader>00000cas a2200000 a 4500</leader><controlfield tag="001">32663100</controlfield><controlfield tag="008">950616d1957195uazuuu n       0    0eng d</controlfield><datafield ind1=" " ind2=" " tag="010"><subfield code="a">sn 97060233 </subfield></datafield><datafield ind1=" " ind2=" " tag="040"><subfield code="a">UDZ</subfield><subfield code="b">eng</subfield><subfield code="c">UDZ</subfield><subfield code="d">ANN</subfield><subfield code="d">OCL</subfield><subfield code="d">OCLCQ</subfield><subfield code="d">OCLCF</subfield><subfield code="d">OCLCO</subfield></datafield><datafield ind1="1" ind2=" " tag="029"><subfield code="a">AU@</subfield><subfield code="b">000013651642</subfield></datafield><datafield ind1=" " ind2=" " tag="042"><subfield code="a">msc</subfield></datafield><datafield ind1=" " ind2=" " tag="043"><subfield code="a">n-us-az</subfield></datafield><datafield ind1=" " ind2=" " tag="090"><subfield code="a">F806</subfield><subfield code="b">.A10</subfield></datafield><datafield ind1="0" ind2="4" tag="245"><subfield code="a">The Chiricahua bull sheet.</subfield></datafield><datafield ind1=" " ind2=" " tag="260"><subfield code="a">Portal, Ariz.</subfield></datafield><datafield ind1=" " ind2=" " tag="300"><subfield code="a">v :</subfield><subfield code="b">ill. ;</subfield><subfield code="c">28 cm.</subfield></datafield><datafield ind1="1" ind2=" " tag="362"><subfield code="a">Began in 1957.</subfield></datafield><datafield ind1=" " ind2=" " tag="588"><subfield code="a">Description based on: May 7, 1957.</subfield></datafield><datafield ind1=" " ind2="0" tag="651"><subfield code="a">Portal (Ariz.)</subfield><subfield code="v">Newspapers.</subfield></datafield><datafield ind1=" " ind2="7" tag="655"><subfield code="a">Newspapers.</subfield><subfield code="2">fast</subfield><subfield code="0">(OCoLC)fst01423814</subfield></datafield><datafield ind1=" " ind2="7" tag="651"><subfield code="a">Arizona</subfield><subfield code="z">Portal.</subfield><subfield code="2">fast</subfield><subfield code="0">(OCoLC)fst01879783</subfield></datafield><datafield ind1=" " ind2=" " tag="752"><subfield code="a">United States</subfield><subfield code="b">Arizona</subfield><subfield code="c">Cochise</subfield><subfield code="d">Portal.</subfield></datafield><datafield ind1="0" ind2="0" tag="785"><subfield code="a">Bowie bull pen</subfield></datafield></record>